Automatically generated by Mendeley Desktop 1.17.6
Any changes to this file will be lost if it is regenerated by Mendeley.

BibTeX export options can be customized via Preferences -> BibTeX in Mendeley Desktop

@article{ref:Varvell2012,
author = {Varvell, Kevin},
file = {:Users/Klownzia/Downloads/bulnu_v2r3-2.pdf:pdf},
journal = {Belle Note 1206},
pages = {1--40},
title = {{Exclusive $B \rightarrow X_u \ell \nu$ Decays using Full Reconstruction Tagging}},
volume = {3},
year = {2012}
}
@article{ref:fox1978,
author = {Fox, Geoffrey C. and Wolfram, Stephen},
doi = {10.1103/PhysRevLett.41.1581},
file = {:Users/Klownzia/Downloads/PhysRevLett.41.1581.pdf:pdf},
issn = {0031-9007},
journal = {Phys. Rev. Lett.},
month = {dec},
number = {23},
pages = {1581--1585},
title = {{Observables for the Analysis of Event Shapes in $e^+e^âˆ’$ Annihilation and Other Processes}},
url = {http://link.aps.org/doi/10.1103/PhysRevLett.41.1581},
volume = {41},
year = {1978}
}
@article{ref:Straub2015,
author = {Straub, David M.},
file = {:Users/Klownzia/Library/Application Support/Mendeley Desktop/Downloaded/Unknown - Unknown - bsnunu-SM.pdf:pdf},
journal = {BELLE2-MEMO-2016-007},
title = {{$B \rightarrow K^{(*)} \nu \bar{\nu}$ SM predictions}},
year = {2015}
}
@article{ref:Buras2014,
archivePrefix = {arXiv},
arxivId = {1409.4557},
author = {Buras, Andrzej J. and Girrbach-Noe, Jennifer and Niehoff, Christoph and Straub, David M.},
doi = {10.1007/JHEP02(2015)184},
eprint = {1409.4557},
file = {:Users/Klownzia/Downloads/1409.4557v2-2.pdf:pdf},
issn = {1029-8479},
journal = {J. High Energy Phys.},
month = {feb},
number = {2},
pages = {184},
title = {{$B\to K^{(*)}\nu\bar\nu$ decays in the Standard Model and beyond}},
url = {http://arxiv.org/abs/1409.4557},
volume = {2015},
year = {2015}
}
@article{ref:Punzi2003,
archivePrefix = {arXiv},
arxivId = {physics/0308063},
author = {Punzi, Giovanni},
eprint = {0308063},
file = {:Users/Klownzia/Downloads/0308063v2-2.pdf:pdf},
journal = {Conf. Stat. Probl. Part. Physics, Astrophys. Cosmol.},
month = {aug},
pages = {5},
primaryClass = {physics},
title = {{Sensitivity of searches for new signals and its optimization}},
url = {http://arxiv.org/abs/physics/0308063},
year = {2003}
}
@article{ref:Feindt2011,
archivePrefix = {arXiv},
arxivId = {1102.3876},
author = {Feindt, Michael and Keller, Fabian and Kreps, Michal and Kuhr, Thomas and Neubauer, Sebastian and Zander, Daniel and Zupanc, Anze},
doi = {10.1016/j.nima.2011.06.008},
eprint = {1102.3876},
file = {:Users/Klownzia/Downloads/NeuroBayes.pdf:pdf},
issn = {01689002},
journal = {Nucl. Instruments Methods Phys. Res. Sect. A Accel. Spectrometers, Detect. Assoc. Equip.},
keywords = {B-factory,Full reconstruction,Neural networks,Probability},
month = {oct},
number = {1},
pages = {432--440},
publisher = {Elsevier},
title = {{A hierarchical NeuroBayes-based algorithm for full reconstruction of B mesons at B factories}},
url = {http://arxiv.org/abs/1102.3876},
volume = {654},
year = {2011}
}
@article{ref:Lutz2013,
archivePrefix = {arXiv},
arxivId = {1303.3719},
author = {Lutz, O. and Neubauer, S. and Heck, M. and Kuhr, T. and Zupanc, A. and Adachi, I. and Aihara, H. and Asner, D. M. and Aushev, T. and Aziz, T. and Bakich, A. M. and Belous, K. and Bhardwaj, V. and Bhuyan, B. and Bondar, A. and Bonvicini, G. and Bozek, A. and Bra{\v{c}}ko, M. and Browder, T. E. and Chang, P. and Chekelian, V. and Chen, A. and Chen, P. and Cheon, B. G. and Chistov, R. and Cho, K. and Chobanova, V. and Choi, Y. and Cinabro, D. and Dalseno, J. and Danilov, M. and Dole{\v{z}}al, Z. and Dr{\'{a}}sal, Z. and Dutta, D. and Eidelman, S. and Epifanov, D. and Farhat, H. and Fast, J. E. and Feindt, M. and Gaur, V. and Gabyshev, N. and Ganguly, S. and Gillard, R. and Goh, Y. M. and Golob, B. and Haba, J. and Hara, T. and Hayasaka, K. and Hayashii, H. and Hoshi, Y. and Hou, W. -S. and Hsiung, Y. B. and Hyun, H. J. and Iijima, T. and Ishikawa, A. and Itoh, R. and Iwasaki, Y. and Julius, T. and Kang, J. H. and Kapusta, P. and Kato, E. and Kawasaki, T. and Kiesling, C. and Kim, H. J. and Kim, H. O. and Kim, J. B. and Kim, J. H. and Kim, K. T. and Kim, M. J. and Kinoshita, K. and Klucar, J. and Ko, B. R. and Kody{\v{s}}, P. and Korpar, S. and Kouzes, R. T. and Kri{\v{z}}an, P. and Krokovny, P. and Kronenbitter, B. and Kumita, T. and Kuzmin, A. and Kwon, Y. -J. and Lange, J. S. and Lee, S. -H. and Li, Y. and Liu, C. and Liu, Y. and Liventsev, D. and Matvienko, D. and Miyabayashi, K. and Miyata, H. and Mohanty, G. B. and Moll, A. and M{\"{u}}ller, T. and Muramatsu, N. and Nakano, E. and Nakao, M. and Natkaniec, Z. and Nayak, M. and Nedelkovska, E. and Ng, C. and Nisar, N. K. and Nishida, S. and Nitoh, O. and Ogawa, S. and Ohshima, T. and Okuno, S. and Olsen, S. L. and Onuki, Y. and Oswald, C. and Pakhlov, P. and Pakhlova, G. and Park, H. and Park, H. K. and Pedlar, T. K. and Pestotnik, R. and Petri{\v{c}}, M. and Piilonen, L. E. and Prim, M. and Ritter, M. and R{\"{o}}hrken, M. and Sahoo, H. and Saito, T. and Sakai, Y. and Sandilya, S. and Santel, D. and Santelj, L. and Sanuki, T. and Sato, Y. and Schneider, O. and Schnell, G. and Schwanda, C. and Schwartz, A. J. and Senyo, K. and Seon, O. and Sevior, M. E. and Shapkin, M. and Shebalin, V. and Shen, C. P. and Shibata, T. -A. and Shiu, J. -G. and Shwartz, B. and Sibidanov, A. and Simon, F. and Smerkol, P. and Sohn, Y. -S. and Sokolov, A. and Solovieva, E. and Stari{\v{c}}, M. and Sumihama, M. and Sumiyoshi, T. and Tatishvili, G. and Teramoto, Y. and Trabelsi, K. and Tsuboyama, T. and Uchida, M. and Uglov, T. and Unno, Y. and Uno, S. and Usov, Y. and {Van Hulse}, C. and Varner, G. and Vorobyev, V. and Wagner, M. N. and Wang, C. H. and Wang, J. and Wang, M. -Z. and Wang, P. and Watanabe, M. and Watanabe, Y. and Williams, K. M. and Won, E. and Yamamoto, H. and Yamashita, Y. and Zhang, Z. P. and Zhilich, V. and Zhulanov, V.},
doi = {10.1103/PhysRevD.87.111103},
eprint = {1303.3719},
file = {:Users/Klownzia/Downloads/1303.3719v3.pdf:pdf},
issn = {1550-7998},
journal = {Phys. Rev. D},
month = {mar},
number = {11},
pages = {111103},
title = {{Search for $B \rightarrow h^{(*)} \nu \bar{\nu}$ with the full Belle $\Upsilon$ (4S) data sample}},
url = {http://arxiv.org/abs/1303.3719},
volume = {87},
year = {2013}
}
@article{ref:Neubauer2011,
author = {Sebastian, Neubauer},
file = {:Users/Klownzia/Library/Application Support/Mendeley Desktop/Downloaded/Sebastian - 2011 - The Analysis $B rightarrow K{()} nu bar{nu}$ Using Fully Reconstruction method.pdf:pdf},
journal = {Belle Note 1210},
title = {{The Analysis $B \rightarrow K^{(*)} \nu \bar{\nu}$ Using Fully Reconstruction method}},
year = {2011}
}
@article{ref:Lee2003,
author = {Lee, S. H. and Suzuki, K. and Abe, K. and Abe, K. and Abe, T. and Adachi, I. and Ahn, Byoung Sup and Aihara, H. and Akai, K. and Akatsu, M. and Akemoto, M. and Asano, Y. and Aulchenko, V. and Aushev, T. and Bakich, A. M. and Ban, Y. and Banerjee, S. and Bay, A. and Bedny, I. and Bizjak, I. and Bondar, A. and Bozek, A. and Bra{\v{c}}ko, M. and Browder, T. E. and Chang, P. and Chao, Y. and Chen, K.-F. and Cheon, B. G. and Chistov, R. and Choi, S.-K. and Choi, Y. and Chuvikov, A. and Danilov, M. and Dong, L. Y. and Dragic, J. and Drutskoy, A. and Eidelman, S. and Eiges, V. and Enari, Y. and Flanagan, J. and Fukunaga, C. and Furukawa, K. and Gabyshev, N. and Garmash, A. and Gershon, T. and Golob, B. and Guo, R. and Haba, J. and Hagner, C. and Handa, F. and Hastings, N. C. and Hayashii, H. and Hazumi, M. and Higuchi, I. and Hokuue, T. and Hoshi, Y. and Hou, W.-S. and Huang, H.-C. and Igarashi, Y. and Iijima, T. and Ikeda, H. and Inami, K. and Ishikawa, A. and Itoh, R. and Iwasaki, H. and Iwasaki, M. and Iwasaki, Y. and Kakuno, H. and Kang, J. H. and Kang, J. S. and Kapusta, P. and Kataoka, S. U. and Katayama, N. and Kawai, H. and Kawai, H. and Kawasaki, T. and Kichimi, H. and Kikutani, E. and Kim, H. J. and Kim, Hyunwoo and Kim, J. H. and Kim, S. K. and Kinoshita, K. and Koiso, H. and Korpar, S. and Kri{\v{z}}an, P. and Krokovny, P. and Kulasiri, R. and Kuzmin, A. and Kwon, Y.-J. and Lange, J. S. and Leder, G. and Lesiak, T. and Li, J. and Limosani, A. and Lin, S.-W. and Liventsev, D. and MacNaughton, J. and Mandl, F. and Marlow, D. and Masuzawa, M. and Matsumoto, T. and Matyja, A. and Michizono, S. and Mimashi, T. and Mitaroff, W. and Miyake, H. and Miyata, H. and Mohapatra, D. and Moloney, G. R. and Mori, T. and Nagamine, T. and Nagasaka, Y. and Nakadaira, T. and Nakamura, T. T. and Nakano, E. and Nakao, M. and Nakazawa, H. and Natkaniec, Z. and Nishida, S. and Nitoh, O. and Nozaki, T. and Ogawa, S. and Ogawa, Y. and Ohmi, K. and Ohnishi, Y. and Ohshima, T. and Ohuchi, N. and Oide, K. and Okabe, T. and Okuno, S. and Olsen, S. L. and Ostrowicz, W. and Ozaki, H. and Park, C. W. and Park, H. and Park, K. S. and Parslow, N. and Peak, L. S. and Peters, M. and Piilonen, L. E. and Root, N. and Sagawa, H. and Saitoh, S. and Sakai, Y. and Sarangi, T. R. and Satapathy, M. and Satpathy, A. and Schneider, O. and Sch{\"{u}}mann, J. and Schwanda, C. and Schwartz, A. J. and Semenov, S. and Senyo, K. and Seuster, R. and Sevior, M. E. and Shibuya, H. and Shidara, T. and Shwartz, B. and Sidorov, V. and Singh, J. B. and Soni, N. and Stani{\v{c}}, S. and Stari{\v{c}}, M. and Sugahara, R. and Sugi, A. and Sumisawa, K. and Sumiyoshi, T. and Suzuki, S. and Takasaki, F. and Tamai, K. and Tamura, N. and Tanaka, M. and Tawada, M. and Taylor, G. N. and Teramoto, Y. and Tomura, T. and Trabelsi, K. and Tsuboyama, T. and Tsukamoto, T. and Uehara, S. and Unno, Y. and Uno, S. and Varner, G. and Varvell, K. E. and Wang, C. C. and Wang, C. H. and Wang, J. G. and Wang, M.-Z. and Watanabe, Y. and Won, E. and Yabsley, B. D. and Yamada, Y. and Yamaguchi, A. and Yamashita, Y. and Yamauchi, M. and Yanai, H. and Yang, Heyoung and Yoshida, M. and Yusa, Y. and Zang, S. L. and Zhang, J. and Zhang, Z. P. and Zheng, Y. and Zhilich, V. and {\v{Z}}ontar, D. and Z{\"{u}}rcher, D.},
doi = {10.1103/PhysRevLett.91.261801},
file = {:Users/Klownzia/Downloads/PhysRevLett.91.261801.pdf:pdf},
issn = {0031-9007},
journal = {Phys. Rev. Lett.},
month = {dec},
number = {26},
pages = {261801},
title = {{Evidence for $ B^0 \rightarrow \pi^0 \pi^0 $}},
url = {http://link.aps.org/doi/10.1103/PhysRevLett.91.261801},
volume = {91},
year = {2003}
}
-
