@article{ref:Neubauer2011,
    title = {{The Analysis {\$}B {\textbackslash}rightarrow K{\^{}}{\{}(*){\}} {\textbackslash}nu {\textbackslash}bar{\{}{\textbackslash}nu{\}}{\$} Using Fully Reconstruction method}},
    year = {2011},
    journal = {Belle Note 1210},
    author = {Sebastian, Neubauer}
}

@article{ref:fox1978,
    title = {{Observables for the Analysis of Event Shapes in {\$}e{\^{}}+e{\^{}}âˆ’{\$} Annihilation and Other Processes}},
    year = {1978},
    journal = {Physical Review Letters},
    author = {Fox, Geoffrey C. and Wolfram, Stephen},
    number = {23},
    month = {12},
    pages = {1581--1585},
    volume = {41},
    url = {http://link.aps.org/doi/10.1103/PhysRevLett.41.1581},
    doi = {10.1103/PhysRevLett.41.1581},
    issn = {0031-9007}
}

@article{ref:Feindt2011,
    title = {{A hierarchical NeuroBayes-based algorithm for full reconstruction of B mesons at B factories}},
    year = {2011},
    journal = {Nuclear Instruments and Methods in Physics Research Section A: Accelerators, Spectrometers, Detectors and Associated Equipment},
    author = {Feindt, Michael and Keller, Fabian and Kreps, Michal and Kuhr, Thomas and Neubauer, Sebastian and Zander, Daniel and Zupanc, Anze},
    number = {1},
    month = {10},
    pages = {432--440},
    volume = {654},
    publisher = {Elsevier},
    url = {http://arxiv.org/abs/1102.3876},
    doi = {10.1016/j.nima.2011.06.008},
    issn = {01689002},
    arxivId = {1102.3876},
    keywords = {B-factory, Full reconstruction, Neural networks, Probability}
}

@article{ref:Punzi2003,
    title = {{Sensitivity of searches for new signals and its optimization}},
    year = {2003},
    journal = {Conference on Statistical Problems in Particle Physics, Astrophysics and Cosmology (PHYSTAT2003)},
    author = {Punzi, Giovanni},
    month = {8},
    pages = {5},
    url = {http://arxiv.org/abs/physics/0308063},
    arxivId = {physics/0308063}
}

@article{ref:Lee2003,
    title = {{Evidence for {\$} B{\^{}}0 {\textbackslash}rightarrow {\textbackslash}pi{\^{}}0 {\textbackslash}pi{\^{}}0 {\$}}},
    year = {2003},
    journal = {Physical Review Letters},
    author = {Lee, S. H. and Suzuki, K. and Abe, K. and Abe, K. and Abe, T. and Adachi, I. and Ahn, Byoung Sup and Aihara, H. and Akai, K. and Akatsu, M. and Akemoto, M. and Asano, Y. and Aulchenko, V. and Aushev, T. and Bakich, A. M. and Ban, Y. and Banerjee, S. and Bay, A. and Bedny, I. and Bizjak, I. and Bondar, A. and Bozek, A. and Bra{\v{c}}ko, M. and Browder, T. E. and Chang, P. and Chao, Y. and Chen, K.-F. and Cheon, B. G. and Chistov, R. and Choi, S.-K. and Choi, Y. and Chuvikov, A. and Danilov, M. and Dong, L. Y. and Dragic, J. and Drutskoy, A. and Eidelman, S. and Eiges, V. and Enari, Y. and Flanagan, J. and Fukunaga, C. and Furukawa, K. and Gabyshev, N. and Garmash, A. and Gershon, T. and Golob, B. and Guo, R. and Haba, J. and Hagner, C. and Handa, F. and Hastings, N. C. and Hayashii, H. and Hazumi, M. and Higuchi, I. and Hokuue, T. and Hoshi, Y. and Hou, W.-S. and Huang, H.-C. and Igarashi, Y. and Iijima, T. and Ikeda, H. and Inami, K. and Ishikawa, A. and Itoh, R. and Iwasaki, H. and Iwasaki, M. and Iwasaki, Y. and Kakuno, H. and Kang, J. H. and Kang, J. S. and Kapusta, P. and Kataoka, S. U. and Katayama, N. and Kawai, H. and Kawai, H. and Kawasaki, T. and Kichimi, H. and Kikutani, E. and Kim, H. J. and Kim, Hyunwoo and Kim, J. H. and Kim, S. K. and Kinoshita, K. and Koiso, H. and Korpar, S. and Kri{\v{z}}an, P. and Krokovny, P. and Kulasiri, R. and Kuzmin, A. and Kwon, Y.-J. and Lange, J. S. and Leder, G. and Lesiak, T. and Li, J. and Limosani, A. and Lin, S.-W. and Liventsev, D. and MacNaughton, J. and Mandl, F. and Marlow, D. and Masuzawa, M. and Matsumoto, T. and Matyja, A. and Michizono, S. and Mimashi, T. and Mitaroff, W. and Miyake, H. and Miyata, H. and Mohapatra, D. and Moloney, G. R. and Mori, T. and Nagamine, T. and Nagasaka, Y. and Nakadaira, T. and Nakamura, T. T. and Nakano, E. and Nakao, M. and Nakazawa, H. and Natkaniec, Z. and Nishida, S. and Nitoh, O. and Nozaki, T. and Ogawa, S. and Ogawa, Y. and Ohmi, K. and Ohnishi, Y. and Ohshima, T. and Ohuchi, N. and Oide, K. and Okabe, T. and Okuno, S. and Olsen, S. L. and Ostrowicz, W. and Ozaki, H. and Park, C. W. and Park, H. and Park, K. S. and Parslow, N. and Peak, L. S. and Peters, M. and Piilonen, L. E. and Root, N. and Sagawa, H. and Saitoh, S. and Sakai, Y. and Sarangi, T. R. and Satapathy, M. and Satpathy, A. and Schneider, O. and Sch{\"{u}}mann, J. and Schwanda, C. and Schwartz, A. J. and Semenov, S. and Senyo, K. and Seuster, R. and Sevior, M. E. and Shibuya, H. and Shidara, T. and Shwartz, B. and Sidorov, V. and Singh, J. B. and Soni, N. and Stani{\v{c}}, S. and Stari{\v{c}}, M. and Sugahara, R. and Sugi, A. and Sumisawa, K. and Sumiyoshi, T. and Suzuki, S. and Takasaki, F. and Tamai, K. and Tamura, N. and Tanaka, M. and Tawada, M. and Taylor, G. N. and Teramoto, Y. and Tomura, T. and Trabelsi, K. and Tsuboyama, T. and Tsukamoto, T. and Uehara, S. and Unno, Y. and Uno, S. and Varner, G. and Varvell, K. E. and Wang, C. C. and Wang, C. H. and Wang, J. G. and Wang, M.-Z. and Watanabe, Y. and Won, E. and Yabsley, B. D. and Yamada, Y. and Yamaguchi, A. and Yamashita, Y. and Yamauchi, M. and Yanai, H. and Yang, Heyoung and Yoshida, M. and Yusa, Y. and Zang, S. L. and Zhang, J. and Zhang, Z. P. and Zheng, Y. and Zhilich, V. and {\v{Z}}ontar, D. and Z{\"{u}}rcher, D.},
    number = {26},
    month = {12},
    pages = {261801},
    volume = {91},
    url = {http://link.aps.org/doi/10.1103/PhysRevLett.91.261801},
    doi = {10.1103/PhysRevLett.91.261801},
    issn = {0031-9007}
}

@article{ref:Lutz2013,
    title = {{Search for {\$}B {\textbackslash}rightarrow h{\^{}}{\{}(*){\}} {\textbackslash}nu {\textbackslash}bar{\{}{\textbackslash}nu{\}}{\$} with the full Belle {\$}{\textbackslash}Upsilon{\$} (4S) data sample}},
    year = {2013},
    journal = {Physical Review D},
    author = {Lutz, O. and Neubauer, S. and Heck, M. and Kuhr, T. and Zupanc, A. and Adachi, I. and Aihara, H. and Asner, D. M. and Aushev, T. and Aziz, T. and Bakich, A. M. and Belous, K. and Bhardwaj, V. and Bhuyan, B. and Bondar, A. and Bonvicini, G. and Bozek, A. and Bra{\v{c}}ko, M. and Browder, T. E. and Chang, P. and Chekelian, V. and Chen, A. and Chen, P. and Cheon, B. G. and Chistov, R. and Cho, K. and Chobanova, V. and Choi, Y. and Cinabro, D. and Dalseno, J. and Danilov, M. and Dole{\v{z}}al, Z. and Dr{\'{a}}sal, Z. and Dutta, D. and Eidelman, S. and Epifanov, D. and Farhat, H. and Fast, J. E. and Feindt, M. and Gaur, V. and Gabyshev, N. and Ganguly, S. and Gillard, R. and Goh, Y. M. and Golob, B. and Haba, J. and Hara, T. and Hayasaka, K. and Hayashii, H. and Hoshi, Y. and Hou, W. -S. and Hsiung, Y. B. and Hyun, H. J. and Iijima, T. and Ishikawa, A. and Itoh, R. and Iwasaki, Y. and Julius, T. and Kang, J. H. and Kapusta, P. and Kato, E. and Kawasaki, T. and Kiesling, C. and Kim, H. J. and Kim, H. O. and Kim, J. B. and Kim, J. H. and Kim, K. T. and Kim, M. J. and Kinoshita, K. and Klucar, J. and Ko, B. R. and Kody{\v{s}}, P. and Korpar, S. and Kouzes, R. T. and Kri{\v{z}}an, P. and Krokovny, P. and Kronenbitter, B. and Kumita, T. and Kuzmin, A. and Kwon, Y. -J. and Lange, J. S. and Lee, S. -H. and Li, Y. and Liu, C. and Liu, Y. and Liventsev, D. and Matvienko, D. and Miyabayashi, K. and Miyata, H. and Mohanty, G. B. and Moll, A. and M{\"{u}}ller, T. and Muramatsu, N. and Nakano, E. and Nakao, M. and Natkaniec, Z. and Nayak, M. and Nedelkovska, E. and Ng, C. and Nisar, N. K. and Nishida, S. and Nitoh, O. and Ogawa, S. and Ohshima, T. and Okuno, S. and Olsen, S. L. and Onuki, Y. and Oswald, C. and Pakhlov, P. and Pakhlova, G. and Park, H. and Park, H. K. and Pedlar, T. K. and Pestotnik, R. and Petri{\v{c}}, M. and Piilonen, L. E. and Prim, M. and Ritter, M. and R{\"{o}}hrken, M. and Sahoo, H. and Saito, T. and Sakai, Y. and Sandilya, S. and Santel, D. and Santelj, L. and Sanuki, T. and Sato, Y. and Schneider, O. and Schnell, G. and Schwanda, C. and Schwartz, A. J. and Senyo, K. and Seon, O. and Sevior, M. E. and Shapkin, M. and Shebalin, V. and Shen, C. P. and Shibata, T. -A. and Shiu, J. -G. and Shwartz, B. and Sibidanov, A. and Simon, F. and Smerkol, P. and Sohn, Y. -S. and Sokolov, A. and Solovieva, E. and Stari{\v{c}}, M. and Sumihama, M. and Sumiyoshi, T. and Tatishvili, G. and Teramoto, Y. and Trabelsi, K. and Tsuboyama, T. and Uchida, M. and Uglov, T. and Unno, Y. and Uno, S. and Usov, Y. and Van Hulse, C. and Varner, G. and Vorobyev, V. and Wagner, M. N. and Wang, C. H. and Wang, J. and Wang, M. -Z. and Wang, P. and Watanabe, M. and Watanabe, Y. and Williams, K. M. and Won, E. and Yamamoto, H. and Yamashita, Y. and Zhang, Z. P. and Zhilich, V. and Zhulanov, V.},
    number = {11},
    month = {3},
    pages = {111103},
    volume = {87},
    url = {http://arxiv.org/abs/1303.3719},
    doi = {10.1103/PhysRevD.87.111103},
    issn = {1550-7998},
    arxivId = {1303.3719}
}