@article{ref:bn1210,
 title = {``{T}he {A}nalysis ${B} \rightarrow {K}^ { (*) } \nu \bar  {\nu}  $ {U}sing {F}ully {R}econstructed {E}vents''},
 year = {2011},
 author = { Neubauer, Sebastian},
 journal = {Belle Note 1210}
}

